@article{abdel2014convolutional,
  title={Convolutional neural networks for speech recognition},
  author={Abdel-Hamid, Ossama and Mohamed, Abdel-rahman and Jiang, Hui and Deng, Li and Penn, Gerald and Yu, Dong},
  journal={Audio, Speech, and Language Processing, IEEE/ACM Transactions on},
  volume={22},
  number={10},
  pages={1533--1545},
  year={2014},
  publisher={IEEE}
}

@misc{CS231n,
author = {Li, Fei-Fei, Karpathy, Andrej, and Johnson, Justin},
title = {CS231n: Convolutional Neural Networks for Visual Recognition, Stanford University}
}
